@misc{langhamGroup,
	author    = {{Langham Dome Group}},
	title     = {Langham{D}ome.org},
	year      = {2014},
	url       = {https://www.langhamdome.org/},
	howpublished = "\url{https://www.langhamdome.org/}"
}

@misc{IBM:CV,
	author    = {{IBM}},
	title     = {What is computer vision?},
	year      = {2019},
	howpublished = "\url{https://www.ibm.com/topics/computer-vision}",
}

@misc{Intel:CV,
	author    = {{Intel}},
	title     = {What is computer vision?},
	year      = {},
	howpublished = "\url{https://www.intel.com/content/www/us/en/internet-of-things/computer-vision/overview.html}",
}

@misc{Intel:CV:Transport,
	author    = {{Intel}},
	title     = {{Smart Road Infrastructure}},
	year      = {},
	howpublished = "\url{https://www.intel.com/content/www/us/en/transportation/smart-road-infrastructure.html}",
}

@misc{Intel:CV:Medical,
	author    = {{Intel}},
	title     = {{Advanced Medical Imaging Technology and Devices}},
	year      = {},
	howpublished = "\url{https://www.intel.com/content/www/us/en/healthcare-it/medical-imaging.html}",
}

@misc{Intel:CV:Retail,
	author    = {{Intel}},
	title     = {{Analytics in Retail}},
	year      = {},
	howpublished = "\url{https://www.intel.com/content/www/us/en/retail/analytics/overview.html}",
}

@misc{Intel:CV:Manufacturing,
	author    = {{Intel}},
	title     = {{Machine Vision Technology}},
	year      = {},
	howpublished = "\url{https://www.intel.com/content/www/us/en/manufacturing/machine-vision.html}",
}

@misc{MichaelReeves,
	author    = {Michael Reeves},
	title     = {{Teaching a Robot Dog to [Dispense] Beer}},
	year      = {2021},
	howpublished = "\url{https://www.youtube.com/watch?v=tqsy9Wtr1qE}",
}


@misc{OpenCV:Intel,
	author    = {{OpenCV}},
	title     = {{OpenCV's Platinum Membership - Intel}},
	year      = {2020},
	howpublished = "\url{https://opencv.org/opencv-platinum-membership/}",
}

@article{SUZUKI198532,
	author    = {Satoshi Suzuki and Keiichi Abe and others},
	title     = {Topological structural analysis of digitized binary images by border following},
	year      = {1985},
	journal	  = {Computer vision, graphics, and image processing},
	volume    = {30},
	number    = {1},
	pages     = {32--46},
	publisher = {Elsevier}
}

@misc{OpenCV:Tutorials,
	author    = {{eastWillow}},
	title     = {{OpenCV-Python Tutorials}},
	year      = {2016â•¬},
	howpublished = "\url{https://opencv24-python-tutorials.readthedocs.io/}",
}

@misc{OpenCV:Tutorials,
	author    = {{OpenCV}},
	title     = {{OpenCV Documentation}},
	year      = {2023},
	howpublished = "\url{https://docs.opencv.org/4.x/}",
}